@book{Gergory2009,
author = {Gergory, Jason},
publisher = {Taylor \& Francis Ltd.},
title = {{Game Engine Architecture}},
year = {2009},
isbn = {978-1568814131}
}
@book{Gamma2014,
author = {Gamma, E and Johnson, R and Helm, R and Vlissides, J},
publisher = {Pearson Deutschland},
title = {{Design Patterns: Elements of Reusable Object-Oriented Software}},
year = {2014},
isbn = {0-201-63361-2}
}
@book{Abrash1997,
author = {Abrash, Michael},
publisher = {{The Coriolis Group Inc.}},
title = {{Graphics Programming Black Book}},
year = {1997},
isbn = {978-1576101742}
}
@book{Wihlidal2006,
author = {Wihlidal, Graham},
publisher = {Thomson Course Technologies},
title = {{Game Engine Toolset Development}},
year = {2006},
isbn = {1-59200-963-8}
}
@book{Lengyel2012,
author = {Lengyel, Eric},
publisher = {Course Technology, Cengage Learning},
title = {{Mathematics for 3D Game Programming and Computer Graphics}},
year = {2012},
isbn = {1-4354-5886-9}
}
@book{Chandler2006,
author = {Chandler, Heather},
publisher = {Thomson Delmar Learning},
title = {{The Game Production Handbook}},
year = {2006},
isbn = {1-58450-416-1}
}
@book{Carter2004,
author = {Carter, Ben},
publisher = {Delmar Cengage Learning},
title = {{The Game Asset Pipeline}},
year = {2004},
isbn = {1-58450-342-4}
}
@book{Bethke2003,
author = {Bethke, Erik},
publisher = {{Wordware Publishing Inc.; Auflage: Pap/Cdr (Februar 2003)}},
title = {{Game Development and Production}},
year = {2003},
isbn = {978-1556229510}
}
@book{Schwaber2004,
author = {Schwaber, Ken},
publisher = {{Micorosoft Press}},
title = {{Agile Project Management with Scrum}},
year = {2004},
isbn = {073561993x}
}

@Article{MakingGamesM03Y2015-LOTF,
author = {{Lange, Thorsten}, {Klose, Jan}},
publisher = {{Making Games}},
title = {{Lords of the Fallen Tackling a new gen game with an emerging studio}},
journal = {Making Games},
year = {2015},
volume = {3},
pages = {44-45},
}
@Article{MakingGamesM03Y2015-VPlay,
author = {{Klinge, Heiko, Chefredakteur}, {Feldbacher, Christian}},
publisher = {{}IDG Entertainment Media GmbH, München, 2015},
title = {{User-Generated Content in the V-Play Game Engine}},
journal = {Making Games},
year = {2015},
volume = {3},
pages = {24-27},
}
@Article{MKG:Schmitz2014,
	author = {Christopher Schmitz},
	publisher = {{Making Games Magazin, IDG Entertainment Media GmbH}},
	year = {2014},
	title = {Projektmanagement mit Scrum},
	type = {Article},
	note = {Available online - last checked 07.04.2015 \protect\url{http://www.makinggames.biz/features/projektmanagement-mit-scrum,2534.html}},
}
@Article{FutureTrendsGAT:2012,
	author = {{Florian, Mehm},{Christian,Reuter},{Stefan, Göbel},{Ralf, Steinmetz}}, 
	publisher = {{Springer Verlag}, {Technische Universität Darmstadt}},
	year = {2014},
	title = {Future Trens in Game Authoring Tools},
	howpublished = {In: Marc Herrlich, Rainer Malaka, Maic Masuch: Entertainment Computing - ICEC 2012, no. LNCS 7522},
	isbn = {978-3-642-33541-9},
	type = {Article},
	note = {S. 536-541},
}
@Article{Tarja2007,
	author = {{Tarja, Susi}, {Mikael, Johannesson}, {Per, Backlund}}, 
	publisher = {School of Humanities and Informatics, University of Skövde, Sweden},
	year = {2014},
	title = {Serious Games – An Overview},
	howpublished = {Technical Report HS- IKI -TR-07-001 },
	type = {Article},
}
@Article{PMBOK, 
	journal={IEEE Std 1490-2011},
	author={{Project Management Institute}},
	title={ A Guide to the Project Management Body of Knowledge}, 
	year={2011}, 
	month={Nov},
	publisher = {IEEE}
}
@Article{FUSEECMFG, 
	author={{Müller, Christoph}, {Gärtner, Fabian}},
	journal={EUROGRAPHICS2014}, 
	publisher={{J.- J. Bourdin}, {J. Jorge}, {E. Anderson}},
	title={{Student Project Portable Real-Time 3D Engine}}, 
	year={2014}, 
	note={Education Paper},
	howpublished={Available online - last checked 12.04.2015 \url{http://fusee3d.org/wp-content/uploads/2014/04/FUSEE_Educational.pdf}},
}
@Online{DVLP:Freeman2014,
	author = {Freeman, Will},
	publisher = {Develop Online Magazin},
	year = {2014},
	title = {Kingdom Come: Deliverance Video Update 9},
	type = {Article},
	note = {Available online - last checked 07.04.2015 \protect\url{http://www.develop-online.net/tools-and-tech/inside-the-system-sony-s-internal-console-tools-team/0191319}},
}
@Online{WH:Scrum2013,
	author = {Christopher Schmitz},
	publisher = {Warhorse Studios},
	year = {2013},
	title = {The art of waiting},
	type = {Article},
	note = {Available online - last checked 07.04.2015 \protect\url{http://www.warhorsestudios.cz/index.php?page=blog&entry=blog_031}},
}
@Online{GS:SonyLE2014,
	author = {Alex Wawro},
	publisher = {Gamasutra},
	year = {2014},
	title = {Sony releases level editor that's open source and engine-agnostic},
	type = {Article},
	note = {Available online - last checked 07.04.2015 \protect\url{http://www.gamasutra.com/view/news/224682/Sony_releases_level_editor_thats_open_source_and_engineagnostic.php}},
}
@Online{CCP:ScrumAndAgile2009,
  author = {{CCP Games}},
  year = {2009},
  title = {Eve Online Fanfest 2009 - Scrum and Agile development processes},
  type = {Motion picture},
  note = {Available online - last checked 07.04.2015 \protect\url{https://www.youtube.com/watch?v=GqsReCZD4hc} },
}
@Online{WH:ScrumVideo2013,
	author = {Martin Klekner, Votja Nedved, Daniel Vavra},
	publisher = {Warhorse Studios},
	year = {2014},
	title = {Kingdom Come: Deliverance Video Update 9},
	type = {Motion picture},
	note = {Available online - last checked 07.04.2015 \protect\url{https://www.youtube.com/watch?v=LfklQR-36-8}},
}
@Online{SonyLEART2014,
	author = {Nilsson,Tobias},
	publisher = {Warhorse Studios},
	year = {2014},
	title = {Sony releases free, open source game development toolset},
	type = {Article},
	note = {Available online - last checked 08.04.2015 \protect\url{http://developer.sonymobile.com/2014/04/28/sony-releases-free-open-source-game-development-toolset/}},
}
@Online{GamasutraAAA2005,
	author = {Cifaldi, Frank},
	publisher = {Gamasutra},
	year = {2005},
	title = {E3 Report: The Path to Creating AAA Games},
	type = {Article},
	note = {Available online - last checked 08.04.2015 \protect\url{http://www.gamasutra.com/view/feature/130722/e3_report_the_path_to_creating_.php}},
}

@Online{SWIGIntroduction2015,
	author = {{Beazley, David}, {Fulton, William}},
	publisher = {{Beazly, David}, {Fulton, William}},
	year = {2014},
	title = {Swig Introduction Documentation},
	type = {Website},
	note = {Available online - last checked 15.04.2015 \protect\url{http://www.swig.org/exec.html}},
}
@Online{NewProdDev1986,
	author = {{Hirotaka, Takeuchi}, {Ikujiro, Nonaka}},
	publisher = {Harvard Business Publishing },
	year = {1986},
	title = {The new product development game},
	type = {Website, Article},
	note = {Available online - last checked 16.04.2015 \protect\url{https://hbr.org/1986/01/the-new-new-product-development-game}},
}

@Misc{MaxonC4d2014,
author =   {{MAXON Computer GmbH}},
title =    {{Cinema 4D R16}},
howpublished = {\url{http://www.maxon.net/de/products/cinema-4d-studio.html}},
year = {2014-2015}
}
@Misc{AutodeskMax2014,
author =   {{Autodesk, Inc.}},
title =    {{3DS Max}},
howpublished = {\url{http://www.autodesk.de/products/3ds-max/overview}},
year = {2015}
}
@Misc{FoundryModo2014,
author =   {{The Foundry Visionmongers Ltd.}},
title =    {{Modo}},
howpublished = {\url{https://www.thefoundry.co.uk/products/modo/}},
year = {2015}
}
@Misc{Blender2015,
author =   {{Blender Foundation}},
title =    {{Blender 2.74}},
howpublished = {\url{http://www.blender.org/}},
year = {2014-2015}
}

@Misc{SWIG2015,
author =   {{Beazley, David}, {Fulton, William}, {SWIG.org}},
title =    {{SWIG-3.0}},
howpublished = {\url{http://www.swig.org/}},
year = {1995-2015}
}

@Misc{AutodeskScale2014,
author =   {{Autodesk Inc.}},
title =    {{Autodesk Scaleform}},
howpublished = {\url{http://gameware.autodesk.com/scaleform}},
year = {2014-2015}
}

@Misc{NaughtyDog2007,
author =   {{NaughtyDog}},
title =    {{Uncharted}},
howpublished = {\url{http://www.naughtydog.com/games/uncharted_drakes_fortune/}},
publisher = {Sony Computer Entertainment},
year = {2007, 2009, 2011}
}
@Misc{GuerillaGames2004,
author =   {{Guerrilla Games}},
title =    {{Killzone 1, Killzone 2, Killzone 3, Killzone: Mercenary, Killzone: Shadow Fall}},
howpublished = {\url{http://www.guerrilla-games.com/}},
publisher = {Sony Computer Entertainment},
year = {2004, 2007, 2011, 2013, 2013}
}
@Misc{QuanticDream2013,
author =   {{Quantic Dream}},
title =    {{Beyond: Two Souls}},
howpublished = {\url{http://www.quanticdream.com/en/}},
publisher = {Sony Computer Entertainment},
year = {2013}
}
@Misc{LOTF-DECK13,
author =   {{Deck13}},
title =    {{Lords of the Fallen}},
howpublished = {\url{http://www.deck13.de/}},
publisher = {City Interactive},
year = {2014}
}

@Misc{UnrealEngine4,
author =   {{EPIC GAMES, INC.}},
title =    {{Unreal Engine 4}},
howpublished = {\url{http://www.unrealengine.com}},
publisher = {EPIC Games INC.},
year = {2004-2015}
}

@Misc{UnityEngine5,
author =   {{Unity Technologies}},
title =    {{Unity 5}},
howpublished = {\url{http://www.unity3d.com}},
publisher = {Unity Technologies},
year = {2015}
}

@Misc{FrostbiteEngine,
author =   {{Digital Illusions CE}},
title =    {{Frostbite Engine}},
howpublished = {\url{http://www.frostbite.com/}},
publisher = {Digital Illusions CE},
year = {2015}
}

@Misc{Alienbrain,
author =   {{Avid Technology}},
title =    {{Alienbrain}},
howpublished = {\url{http://www.alienbrain.com/}},
publisher = {Avid Technology},
year = 2009,
}

@Misc{Shotgun,
author =   {{Shotgun Software Inc.}},
title =    {{Shotgun}},
howpublished = {\url{https://www.shotgunsoftware.com/}},
publisher = {Shotgun Software Inc.},
year = 2013,
}