@book{Gergory2009,
author = {Gergory, Jason},
publisher = {Taylor \& Francis Ltd.},
title = {{Game Engine Architecture}},
year = {2009},
isbn = {978-1568814131}
}
@book{Gamma2014,
author = {Gamma, E and Johnson, R and Helm, R and Vlissides, J},
publisher = {Pearson Deutschland},
title = {{Design Patterns: Elements of Reusable Object-Oriented Software}},
year = {2014},
isbn = {0-201-63361-2}
}
@book{Abrash1997,
author = {Abrash, Michael},
publisher = {TBD},
title = {{Graphics Programming Black Book}},
year = {1997},
isbn = {978-1576101742}
}
@book{Wihlidal2006,
author = {Wihlidal, Graham},
publisher = {Thomson Course Technologies},
title = {{Game Engine Toolset Development}},
year = {2006},
isbn = {1-59200-963-8}
}
@book{Lengyel2012,
author = {Lengyel, Eric},
publisher = {Course Technology, Cengage Learning},
title = {{Mathematics for 3D Game Programming and Computer Graphics}},
year = {2012},
isbn = {1-4354-5886-9}
}
@book{Chandler2006,
author = {Chandler, Heather},
publisher = {Thomson Delmar Learning},
title = {{The Game Production Handbook}},
year = {2006},
isbn = {1-58450-416-1}
}
@book{Carter2004,
author = {Carter, Ben},
publisher = {Delmar Cengage Learning},
title = {{The Game Asset Pipeline}},
year = {2004},
isbn = {1-58450-342-4}
}
