@book{Berinstein:2014:GDT:2638853,
 author = {Berinstein, Paula and Nedelcu, Nicusor and Ardolino, Alessandro and Arnaud, Remi and Franco, Simon and Herubel, Adrien and McCutchan, John and Nitschke, Benjamin and Olmstead, Don and Robinet, Fabrice and Ronchi, Christian and Samour, Gustavo and Turkowski, Rita and Walter, Robert},
 title = {Game Development Tool Essentials},
 year = {2014},
 isbn = {1430267003, 9781430267003},
 edition = {1st},
 publisher = {Apress},
 address = {Berkely, CA, USA},
}
